
%
% https://en.wikibooks.org/wiki/LaTeX/Bibliography_Management#BibTeX
%

@misc{EXEMPLO,
  author       = {Ingo LÃ¼tkebohle},
  title        = {{BWorld Robot Control Software}},
  year         = {2008},
  note         = "[Online; accessed 19-July-2008]",
  howpublished = "\url{http://aiweb.techfak.uni-bielefeld.de/content/bworld-robot-control-software/}",
}


@article{Terence,
  author  = "Terence Parr and Jurgen Vinju",
  title   = "Towards a Universal Code Formatter through Machine Learning",
  year    = "2016",
  journal = "Proceedings of the 2016 ACM SIGPLAN International Conference on Software Language Engineering",
  pages   = "137-151"
}


@misc{Atwood,
  author       = "Jeff Atwood",
  title        = "Death to the Space Infidels!",
  year         = "2009",
  note         = "[Online; Accessed march-2017]",
  howpublished = "\url{http://www.codinghorror.com/blog/2009/04/death-to-the-space-infidels.html}",
}

@misc{Geukens,
  author       = "Stijn Geukens",
  title        = "Is imposing the same code format for all developers a good idea?",
  year         = "2013",
  note         = "[Online; Accessed march-2017]",
  howpublished = "\url{https://softwareengineering.stackexchange.com/questions/189274/is-imposing-the-same-code-format-for-all-developers-a-good-idea}",
}

@misc{Schweitzer,
  author       = "Thomas Schweitzer",
  title        = "Powerful code indenter front-end, UniversalIndentGUI",
  year         = "2012",
  note         = "[Online; Accessed march-2017]",
  howpublished = "\url{https://github.com/danblakemore/universal-indent-gui} and \url{http://universalindent.sourceforge.net/index.php}",
}



