
%
% Graphical Java application for managing BibTeX and BibLaTeX (.bib) databases (Windows/Linux/MAC)
% https://github.com/JabRef/jabref
%
% BibDesk-like software for Windows
% https://tex.stackexchange.com/questions/9454/bibdesk-like-software-for-windows
%
% LaTeX Bibliography Management
% https://en.wikibooks.org/wiki/LaTeX/Bibliography_Management#BibTeX
%
%
% $ date "+%Y-%m-%d %H:%M:%S"
% 2017-08-28 09:18:02
%
% YYYY-MM-DD format date in shell script
% https://stackoverflow.com/questions/1401482/yyyy-mm-dd-format-date-in-shell-script
%


@misc{EXEMPLO,
    author        = {Ingo Lütkebohle},
    title         = {{BWorld Robot Control Software}},
    year          = {2008},
    url           = {http://aiweb.techfak.uni-bielefeld.de/content/bworld-robot-control-software/},
    urlaccessdate = {2008-07-19}
}


@thesis{Silva,
    author       = {Luiz Filipe Moresco da Silva},
    title        = {Agentes e Realidade Virtual: Uma abordagem de ensino},
    year         = {2016},
    howpublished = {Proposta de Trabalho de Conclusão de Curso, a ser submetido ao Curso de Ciência da Computação},
    school       = {Universidade Federal de Santa Catarina},
    note         = {[Departamento de Informática e Estatística (INE5453 - Introdução ao TCC)]}
}


@article{Terence,
    author  = {Terence Parr and J.J. Vinju},
    title   = {Towards a Universal Code Formatter through Machine Learning},
    year    = {2016},
    journal = {Proceedings of the 2016 ACM SIGPLAN International Conference on Software Language Engineering},
    pages   = {137-151}
}


@online{Atwood,
    author        = {Jeff Atwood},
    title         = {Death to the Space Infidels!},
    year          = {2009},
    url           = {http://www.codinghorror.com/blog/2009/04/death-to-the-space-infidels.html},
    urlaccessdate = {2017-03-01}
}


@online{Geukens,
    author        = {Stijn Geukens},
    title         = {Is imposing the same code format for all developers a good idea?},
    year          = {2013},
    url           = {https://softwareengineering.stackexchange.com/questions/189274/is-imposing-the-same-code-format-for-all-developers-a-good-idea},
    urlaccessdate = {2017-03-01}
}


@online{Schweitzer,
    author        = {Thomas Schweitzer},
    title         = {Powerful code indenter front-end, UniversalIndentGUI},
    publisher     = {Online Material; \url{http://universalindent.sourceforge.net/index.php}},
    url           = {https://github.com/danblakemore/universal-indent-gui},
    urlaccessdate = {2017-03-01},
    year          = {2012}
}


@online{Skinner,
    author        = {Jon Skinner},
    title         = {SUBLIME TEXT 3 DOCUMENTATION, Syntax Definitions},
    year          = {2016},
    url           = {https://www.sublimetext.com/docs/3/syntax.html},
    urlaccessdate = {2017-03-01}
}


@book{koma-scrguien,
    title         = {The Guide KOMA -Script},
    author        = {Markus Kohm},
    year          = {2017},
    edition       = {2017-04-13},
    publisher     = {Online Material; \url{https://www.ctan.org/pkg/koma-script}},
    url           = {http://mirrors.ibiblio.org/CTAN/macros/latex/contrib/koma-script/doc/scrguien.pdf},
    urlaccessdate = {2017-08-28}
}


@article{industrialApplication,
    title         = {An industrial application of context-sensitive formatting},
    author        = {M.G.J. van den Brand and A.T. Kooiker and N.P. Veerman and J.J. Vinju},
    year          = {2006},
    journal       = {Research Gate},
    url           = {https://www.researchgate.net/publication/228540036_An_industrial_application_of_context-sensitive_formatting},
    urlaccessdate = {2017-09-07}
}


@article{programIndentation,
    title         = {Program indentation and comprehensibility},
    author        = {Richard J. Miara and Joyce A. Musselman and Juan A. Navarro and Ben Shneiderman},
    month         = {11},
    year          = {1983},
    journal       = {Communications of the ACM},
    publisher     = {ACM},
    volume        = {26},
    pages         = {861-867},
    address       = {New York, NY, USA},
    doi           = {10.1145/182.358437},
    url           = {https://www.researchgate.net/publication/228540036_An_industrial_application_of_context-sensitive_formatting},
    urlaccessdate = {2017-09-07}
}


@article{independentFramework,
    title         = {A Language Independent Framework for Context-sensitive Formatting},
    author        = {M.G.J. Van den Brand and A.T. Kooiker and J.J. Vinju},
    month         = {03},
    year          = {2006},
    journal       = {06 Proceedings of the Conference on Software Maintenance and Reengineering},
    publisher     = {IEEE Computer Society},
    volume        = {26},
    pages         = {103-112},
    address       = {Washington, DC, USA},
    isbn          = {0-7695-2536-9},
    url           = {https://www.researchgate.net/publication/228540036_An_industrial_application_of_context-sensitive_formatting},
    urlaccessdate = {2017-09-07}
}


@article{architectureFormatting,
    title         = {An architecture for context-sensitive formatting},
    author        = {M.G.J. van den Brand and A.T. Kooiker and J.J. Vinju and N.P. Veerman},
    month         = {11},
    year          = {2005},
    journal       = {21st IEEE International Conference on Software Maintenance (ICSM'05)},
    publisher     = {IEEE Computer Society},
    address       = {Budapest, Hungary, Hungary},
    isbn          = {0-7695-2368-4},
    doi           = {10.1109/ICSM.2005.17},
    url           = {https://www.researchgate.net/publication/4175894_An_architecture_for_context-sensitive_formatting},
    urlaccessdate = {2017-09-07}
}


@article{prettyPrinting,
    title         = {Pretty-printing for software reengineering},
    author        = {Merijn De Jonge},
    month         = {10},
    year          = {2002},
    journal       = {International Conference on Software Maintenance, 2002. Proceedings},
    publisher     = {IEEE Computer Society},
    address       = {Montreal, Quebec, Canada},
    isbn          = {0-7695-1819-2},
    doi           = {10.1109/ICSM.2002.1167816},
    url           = {https://www.researchgate.net/publication/3998748_Pretty-Printing_for_Software_Reengineering},
    urlaccessdate = {2017-09-07}
}


@article{massMaintenance,
    title         = {Automated Mass Maintenance of Software Assets},
    author        = {Niels Veerman},
    month         = {03},
    year          = {2007},
    journal       = {11th European Conference on Software Maintenance and Reengineering (CSMR'07)},
    publisher     = {IEEE Computer Society},
    address       = {Amsterdam, Netherlands},
    isbn          = {0-7695-2802-3},
    doi           = {10.1109/CSMR.2007.15},
    url           = {https://www.researchgate.net/publication/221569579_Automated_Mass_Maintenance_of_Software_Assets},
    urlaccessdate = {2017-09-11}
}


@article{legacyAssets,
    title         = {Towards automated modification of legacy assets},
    author        = {Alex Sellink and Chris Verhoef},
    month         = {11},
    year          = {2000},
    journal       = {Annals of Software Engineering},
    publisher     = {J. C. Baltzer AG, Science Publishers Red Bank},
    address       = {NJ, USA},
    volume        = {9},
    pages         = {315-336},
    doi           = {10.1023/A:1018941228255},
    url           = {https://www.researchgate.net/publication/2825635_Towards_Automated_Modification_of_Legacy_Assets},
    urlaccessdate = {2017-09-11}
}


