
%
% https://en.wikibooks.org/wiki/LaTeX/Bibliography_Management#BibTeX
%


@misc{EXEMPLO,
  author       = {Ingo Lütkebohle},
  title        = {{BWorld Robot Control Software}},
  year         = {2008},
  note         = "[Online; accessed 19-July-2008]",
  howpublished = "\url{http://aiweb.techfak.uni-bielefeld.de/content/bworld-robot-control-software/}",
}


@misc{Silva,
  author       = {Luiz Filipe Moresco da Silva},
  title        = {Agentes e Realidade Virtual: Uma abordagem de ensino},
  year         = {2016},
  school       = {Universidade Federal de Santa Catarina},
  note         = {[Departamento de Informática e Estatística (INE5453 - Introdução ao TCC)]},
  howpublished = {Proposta de Trabalho de Conclusão de Curso, a ser submetido ao Curso de Ciência da Computação},
}


@article{Terence,
  author  = "Terence Parr and Jurgen Vinju",
  title   = "Towards a Universal Code Formatter through Machine Learning",
  year    = "2016",
  journal = "Proceedings of the 2016 ACM SIGPLAN International Conference on Software Language Engineering",
  pages   = "137-151"
}


@misc{Atwood,
  author       = "Jeff Atwood",
  title        = "Death to the Space Infidels!",
  year         = "2009",
  note         = "[Online; Accessed march-2017]",
  howpublished = "\url{http://www.codinghorror.com/blog/2009/04/death-to-the-space-infidels.html}",
}


@misc{Geukens,
  author       = "Stijn Geukens",
  title        = "Is imposing the same code format for all developers a good idea?",
  year         = "2013",
  note         = "[Online; Accessed march-2017]",
  howpublished = "\url{https://softwareengineering.stackexchange.com/questions/189274/is-imposing-the-same-code-format-for-all-developers-a-good-idea}",
}


@misc{Schweitzer,
  author       = "Thomas Schweitzer",
  title        = "Powerful code indenter front-end, UniversalIndentGUI",
  year         = "2012",
  note         = "[Online; Accessed march-2017]",
  howpublished = "\url{https://github.com/danblakemore/universal-indent-gui} and \url{http://universalindent.sourceforge.net/index.php}",
}


@misc{Skinner,
  author       = "Jon Skinner",
  title        = "SUBLIME TEXT 3 DOCUMENTATION, Syntax Definitions",
  year         = "2016",
  note         = "[Online; Accessed march-2017]",
  howpublished = "\url{https://www.sublimetext.com/docs/3/syntax.html}",
}



